<?xml version="1.0" encoding="UTF-8"?><record xmlns="http://www.loc.gov/MARC21/slim" xmlns:cinclude="http://apache.org/cocoon/include/1.0" xmlns:zs="http://www.loc.gov/zing/srw/">
  <leader>00642cz  a2200157n  4500</leader>
  <controlfield tag="001">n 2008057707</controlfield>
  <controlfield tag="003">DLC</controlfield>
  <controlfield tag="005">20130124074829.0</controlfield>
  <controlfield tag="008">080822n| acannaabn          |b aaa      </controlfield>
  <datafield tag="010" ind1=" " ind2=" ">
    <subfield code="a">n 2008057707</subfield>
  </datafield>
  <datafield tag="040" ind1=" " ind2=" ">
    <subfield code="a">DLC</subfield>
    <subfield code="b">eng</subfield>
    <subfield code="c">DLC</subfield>
    <subfield code="d">DLC</subfield>
  </datafield>
  <datafield tag="100" ind1="1" ind2=" ">
    <subfield code="a">Wei, Tian'an</subfield>
  </datafield>
  <datafield tag="400" ind1="1" ind2=" ">
    <subfield code="a">魏天安</subfield>
  </datafield>
  <datafield tag="667" ind1=" " ind2=" ">
    <subfield code="a">Non-Latin script reference not evaluated.</subfield>
  </datafield>
  <datafield tag="670" ind1=" " ind2=" ">
    <subfield code="a">Tang Song hang hui yan jiu, 2007:</subfield>
    <subfield code="b">t.p. (魏天安 = Wei Tian'an)</subfield>
  </datafield>
  <datafield tag="670" ind1=" " ind2=" ">
    <subfield code="a">Song dai guan ying jing ji shi, 2011:</subfield>
    <subfield code="b">t.p. (魏天安 = Wei Tian'an) front flap (b. 1948, male, native of Hebei Sheng Xinji Shi; MA in history from Henan da xue in 1981; researcher of Henan Sheng she hui ke xue yuan)</subfield>
  </datafield>
</record>